@misc{stacks-project,
    author = {The {Stacks Project Authors}},
    title = {Stacks Project},
    howpublished = {\url{https://stacks.math.columbia.edu}},
    year = {2018},
}

@misc{condensed,
    author = {Peter Scholze},
    title = {Lectures on Condensed Mathematics},
    year = {2019},
    url = {https://www.math.uni-bonn.de/people/scholze/Condensed.pdf},
    note = {All results joint with Dustin Clausen},
}

@misc{analytic,
    url = {https://www.math.uni-bonn.de/people/scholze/Analytic.pdf},
    author = {Peter Scholze},
    year = {2019},
    title = {Lectures on Analytic Geometry},
    note = {All results joint with Dustin Clausen},
}

@misc{ihesvid,
    author = {Peter Scholze and Dustin Clausen},
    title = {Analytic Stacks},
    year = {2023},
    url = {https://www.youtube.com/playlist?list=PLx5f8IelFRgGmu6gmL-Kf_Rl_6Mm7juZO},
}

@book{lpac,
  title={Locally presentable and accessible categories},
  author={Rosick{\`y}, Ji{\v{r}}{\'\i} and others},
  volume={189},
  year={1994},
  publisher={Cambridge University Press}
}

@book{stone,
  title={Stone spaces},
  author={Johnstone, Peter T},
  volume={3},
  series = {Cambridge Studies in Advanced Mathematics},
  year={1982},
  publisher={Cambridge university press}
}


@misc{adamek_reflective_2015,
	title = {On reflective subcategories of locally presentable categories},
	number = {{arXiv}:1504.03886},
	publisher = {{arXiv}},
	author = {Adamek, Jiri and Rosicky, Jiri},
	date = {2015-05-26},
	eprinttype = {arxiv},
	eprint = {1504.03886 [math]},
	keywords = {Mathematics - Category Theory},
}

@misc{ragimov_infty-categorical_2022,
	title = {The $\infty$-Categorical Reflection Theorem and Applications},
	author = {Ragimov, Shaul and Schlank, Tomer M.},
	date = {2022-07-19},
	eprinttype = {arxiv},
	eprint = {2207.09244 [math]},
	keywords = {Mathematics - Algebraic Topology, Mathematics - Category Theory},
}

@article{adamek_reflections_1989,
	title = {Reflections in locally presentable categories},
	volume = {025},
	issn = {0044-8753},
	pages = {89--94},
	number = {1},
	journaltitle = {Archivum Mathematicum},
	author = {Adámek, Jiří and Rosický, Jiří},
	date = {1989},
	note = {Publisher: Department of Mathematics, Faculty of Science of Masaryk University, Brno},
}

@misc{mondal_postnikov_2024,
	title = {On Postnikov completeness for replete topoi},
	author = {Mondal, Shubhodip and Reinecke, Emanuel},
	date = {2024-05-27},
	eprinttype = {arxiv},
	eprint = {2210.14146 [math]},
}

@misc{htt,
	title = {Higher Topos Theory},
	url = {http://arxiv.org/abs/math/0608040},
	doi = {10.48550/arXiv.math/0608040},
	number = {{arXiv}:math/0608040},
	publisher = {{arXiv}},
	author = {Lurie, Jacob},
	urldate = {2024-11-08},
	date = {2008-07-31},
	eprinttype = {arxiv},
	eprint = {math/0608040},
	note = {Issue: {arXiv}:math/0608040},
	keywords = {Mathematics - Algebraic Topology, Mathematics - Category Theory},
}

@book{ha,
	title = {Higher Algebra},
	url = {https://www.math.ias.edu/~lurie/papers/HA.pdf},
	author = {Lurie, Jacob},
	date = {2017},
}

@book{sag,
	title = {Spectral Algebraic Geometry},
	url = {https://www.math.ias.edu/~lurie/papers/SAG-rootfile.pdf},
	author = {Lurie, Jacob},
	date = {2018},
}

@misc{rodriguez-camargo_notes_nodate,
	title = {Notes on solid geometry},
	author = {Rodríguez-Camargo, Juan Esteban},
    date = {2024},
}

@book{kalton_f-space_1985,
	title = {An F-Space Sampler},
	publisher = {Cambridge University Press},
	author = {Kalton, N. J. and Peck, N. T. and Roberts, J. W.},
	date = {1985},
}

@misc{kedlaya,
    title = {Notes on condensed mathematics},
    author = {Kedlaya, Kiran S.},
    date = {2024},
    url = {https://www.kskedlaya.org/condensed/condensed-2.html},
}
